@book{knuth1984texbook,
  title={The texbook},
  author={Knuth, Donald Ervin and Bibby, Duane},
  volume={15},
  year={1984},
  publisher={Addison-Wesley Reading}
}

@book{lamport1985i1,
  title={I1 ($\backslash$LaTeX)---A Document},
  author={Lamport, Leslie},
  volume={410},
  year={1985},
  publisher={pub-AW}
}
